@book{Fundamentals-of-Microelectronics,
	author = {Behzad Razavi},
	title = {Fundamentals of Microelectronics},
	year = {2013},
	publisher = {Wiley},
	address = {New York},
	edition = {2nd}
}

@misc{Lab-statement,
	author = {Prof},
	title = {Title},
	institution = {Department of Electrical and Computer Engineering, Nova School of Science and Technology, NOVA University of Lisbon},
	year = {2024}
}

@misc{Active-Low-Pass-Filter-Design,
	author = {Jim Karki},
	title = {Active Low-Pass Filter Design},
	publisher = {Texas Instruments},
	year = {2023}
}

@misc{mcp-datasheet,
	author = {Microchip Technology},
	title = {MCP6001/2/4},
	howpublished = {\url{https://www.microchip.com/wwwproducts/en/MCP6001}},
	year = {2019}
}

@misc{ESP32-datasheet,
	author = {Espressif Systems},
	title = {ESP32 Series Datasheet},
	howpublished = {\url{https://www.espressif.com/sites/default/files/documentation/esp32_datasheet_en.pdf}},
	year = {2024}
}

@misc{Active-Filter-Design-Techniques,
	author = {Thomas Kugelstadt},
	title = {Active Filter Design Techniques},
	howpublished = {\url{https://www2.seas.gwu.edu/~ece121/Spring-11/filterdesign.pdf}},
	year = {2001}
}

@book{schreier2005understanding,
	author = {Richard Schreier and Gabor C. Temes},
	title = {Understanding Delta-Sigma Data Converters},
	publisher = {Wiley-IEEE Press},
	year = {2005},
	isbn = {0471465852}
}

@incollection{Torralba2024ImageAliasing,
	author = {Antonio Torralba and Phillip Isola and William T. Freeman},
	title = {{Image Sampling and Aliasing}},
	booktitle = {Foundations of Computer Vision},
	chapter = {20},
	publisher = {MIT Press},
	year = {2024},
	series = {Adaptive Computation and Machine Learning},
	url = {https://visionbook.mit.edu/sampling_and_aliasing.html},
	note = {Online version, accessed 11 Jun 2025}
}

@misc{ADI_FilterWizard,
	author = {{Analog Devices, Inc.}},
	title = {Online Filter Wizard},
	year = {2025},
	howpublished = {\url{https://tools.analog.com/en/filterwizard/}},
	note = {Accessed 11~Jun~2025}
}


@article{paper,
	author = {Li, Manxin and Yao, Yuting and Hu, Biao and Wei, Jipeng and Chen, Yong and Ma, Shunli and Ye, Fan and Ren, Junyan},
	journal = {IEEE Access},
	title = {A 6.94-fJ/Conversion-Step 12-bit 100-MS/s Asynchronous SAR ADC Exploiting Split-CDAC in 65-nm CMOS},
	year = {2021},
	volume = {9},
	number = {},
	pages = {77545-77554},
	keywords = {Capacitors;Linearity;Bridge circuits;Logic arrays;Parasitic capacitance;Control systems;Registers;Successive approximation register (SAR) analog-to-digital converter (ADC);CMOS;split-CDAC;customized unit capacitor;asynchronous logic;figure-of-merit (FoM)},
	doi = {10.1109/ACCESS.2021.3079406}
}

@misc{DeltaSigmaLabGitHub,
	author = {Martim Agostinho,Francisco Sá da Costa, Sofia Inácio},
	title = {Delta--Sigma ADC Laboratory Project},
	howpublished = {\url{https://github.com/MartimAgostinho/Cs-Lab2}},
	year = {2025}
}

@book{analogIntegratedCircBook,
	title = {Analog Integrated Circuit Design},
	author = {Johns, David A. and Martin, Kenneth W.},
	publisher = {John Wiley \& Sons},
	address = {New York, NY},
	year = {1997},
	isbn = {0-471-14448-7}
}

@datasheet{LT1466DS,
	author = {{Analog Devices, Inc.}},
	title = {LT1466/LT1467 Dual/Quad Precision Rail-to-Rail Op Amp},
	year = {2024},
	note = {Datasheet Rev.\,C, accessed 11 Jun 2025},
	url = {https://www.analog.com/media/en/technical-documentation/data-sheets/1466fb.pdf}
}

@datasheet{LT1358DS,
	author = {{Analog Devices, Inc.}},
	title = {LT1358 Dual 25 MHz, 600 V/\textmu s Operational Amplifier},
	year = {2023},
	note = {Datasheet Rev.\,E, accessed 11 Jun 2025},
	url = {https://www.analog.com/media/en/technical-documentation/data-sheets/lt1355-56-57-58.pdf}
}

@datasheet{LT1803DS,
	author = {{Analog Devices, Inc.}},
	title = {LT1803 Dual 100 MHz, Rail-to-Rail Input and Output Operational Amplifier},
	year = {2022},
	note = {Datasheet Rev.\,D, accessed 11 Jun 2025},
	url = {https://www.analog.com/media/en/technical-documentation/data-sheets/lt1803.pdf}
}
@misc{Work_TAC2025,
	author = {Paulo Montezuma},
	title = {Transmissão de Alta Capacidade - Topics},
	year = {2025},
	note = { Departamento de Engenharia Eletrotécnica, Universidade Nova de Lisboa, FCT}
}

@book{Gillermo-Gonzalez,
	author = {Guillermo Gonzalez},
	title = {Microwave Transistor Amplifiers: Analysis and Design},
	year = {1997},
	edition = {2nd},
	publisher = {Prentice Hall}
}

@book{bowick2008rf,
	author = {Bowick, Christopher and Blyler, John and Ajluni, Cheryl},
	title = {{RF} Circuit Design},
	publisher = {Newnes},
	year = {2008},
	edition = {2nd},
	address = {Burlington, MA},
	isbn = {978-0-7506-8518-4}
}
@misc{ad831:datasheet,
	author = {{Analog Devices}},
	title = {AD831: Low Distortion Mixer},
	year = {2016},
	month = {May},
	note = {Revision D. [Online]. Available},
	howpublished = {\url{https://www.analog.com/media/en/technical-documentation/data-sheets/ad831.pdf}}
}

@misc{adf4351:datasheet,
	author = {{Analog Devices}},
	title = {ADF4351: Wideband Synthesizer with Integrated VCO},
	year = {2017},
	month = {November},
	note = {Revision G. [Online]. Available},
	howpublished = {\url{https://www.analog.com/media/en/technical-documentation/data-sheets/adf4351.pdf}}
}

@misc{spf5189z:datasheet,
	author = {{Qorvo}},
	title = {SPF5189Z: 50 MHz to 4000 MHz, High-Performance pHEMT LNA},
	year = {2017},
	month = {May},
	note = {Revision E. (Internal component of the 0.1-2G LNA module). [Online]. Available},
	howpublished = {\url{https://www.qorvo.com/products/d/da002571}}
}